@electronic{wikigossip,
  title = {Gossip protocol},
  url   = {https://en.wikipedia.org/wiki/Gossip_protocol},
  year  = {2023}
}

@electronic{async-vs-threads,
  title = {The Difference Between Asynchronous and Multi-Threading},
  url   = {https://www.baeldung.com/cs/async-vs-multi-threading},
  year  = {2023}
}

@electronic{heroku-http-routing,
  title = {HTTP Routing},
  url   = {https://devcenter.heroku.com/articles/http-routing},
  year  = {2022}
}

@electronic{heroku-dyno,
  title = {Dynos and the Dyno Manager},
  url   = {https://devcenter.heroku.com/articles/dynos},
  year  = {2023}
}

@electronic{redis-lists,
  title = {Redis lists},
  url   = {https://redis.io/docs/data-types/lists/},
  year  = {2023}
}

@electronic{redis-sets,
  title = {Redis sets},
  url   = {https://redis.io/docs/data-types/sets/},
  year  = {2023}
}

@electronic{redis-transactions,
  title    = {Transactions},
  subtitle = {How transactions work in Redis},
  url      = {https://redis.io/docs/manual/transactions/},
  year     = {2023}
}

@electronic{HerokuWebSocket,
  title = {WebSocket Security},
  url   = {https://devcenter.heroku.com/articles/websocket-security},
  year  = {2021}
}

@electronic{MDNWebSocket,
  title = {WebSocket MDN},
  url   = {https://developer.mozilla.org/en-US/docs/Web/API/WebSocket},
  year  = {2023}
}

@book{WS1982,
  author    = {Gunter Wyszecki and W. S. Stiles},
  publisher = {Whiley Interscience},
  title     = {Color Science},
  year      = {1982}
}

@book{GM1998,
  author    = {Edward J. Giorgianni and Thomas E. Madden},
  publisher = {Addison Wesley},
  title     = {Digital Color Management},
  year      = {1998}
}

@book{RB2000,
  author    = {Roy S. Berns},
  publisher = {Whiley Interscience},
  title     = {Principles of Color Technology},
  year      = {2000}
}

@electronic{VTK,
  title = {Visual Toolkit ({VTK})},
  url   = {http://www.vtk.org/},
  year  = {2007}
}

@electronic{ITK,
  title = {National Library of Medicine Insight Segmentation and Registration Toolkit ({ITK})},
  url   = {http://www.itk.org/},
  year  = {2007}
}

@electronic{GM,
  title = {Graphics{M}agick},
  url   = {http://www.graphicsmagick.org/},
  year  = {2007}
}

@electronic{IM,
  title = {Image{M}agick},
  url   = {http://www.imagemagick.org/},
  year  = {2007}
}

@electronic{shortcut,
  title = {Shortcut},
  url   = {http://www.trulyphotomagic.com/},
  year  = {2005}
}

@electronic{altamira,
  title = {Altamira Group},
  url   = {http://www.altamira-group.com/},
  year  = {2005}
}

@article{YV1995,
  author  = {I.T. Young and L.J. van Vliet},
  title   = {Recursive implementation of the {G}aussian filter},
  journal = {Signal Processing},
  year    = 1995,
  volume  = 44,
  pages   = {139--151}
}

@article{VYV1998,
  author  = {Lucas J. van Vliet and Ian T. Young and Piet W. Verbeek},
  title   = {Recursive {G}aussian Derivative Filters},
  journal = {IEEE Computer Society Press},
  year    = 1998,
  volume  = 1,
  pages   = {509--514}
}
